
@book{bgenei14,
  author    = {Benny Applebaum},
  title     = {Cryptography in Constant Parallel Time},
  series    = {Information Security and Cryptography},
  publisher = {Springer},
  year      = {2014},
  url       = {http://dx.doi.org/10.1007/978-3-642-17367-7},
  doi       = {10.1007/978-3-642-17367-7},
  isbn      = {978-3-642-17366-0},
  timestamp = {Sat, 21 Dec 2013 13:41:41 +0100},
  biburl    = {http://dblp.uni-trier.de/rec/bib/series/isc/Applebaum14},
  bibsource = {dblp computer science bibliography, http://dblp.org}
}



@misc{TINYLEGO,
    author = {Tore Kasper Frederiksen and Thomas P. Jakobsen and Jesper Buus Nielsen and Roberto Trifiletti},
    title = {TinyLEGO: An Interactive Garbling Scheme for Maliciously Secure Two-Party Computation},
    howpublished = {Cryptology ePrint Archive, Report 2015/309},
    year = {2015},
    note = {\url{http://eprint.iacr.org/2015/309}},
}


@article{FH96,
 author = {Franklin, Matthew and Haber, Stuart},
 title = {Joint Encryption and Message-efficient Secure Computation},
 journal = {J. Cryptol.},
 year = {1996},

} 




@misc{MyeSerShe11,
    author = {Steven Myers and Mona Sergi and Abhi Shelat},
    title = {Threshold Fully Homomorphic Encryption and Secure Computation},
    howpublished = {Cryptology ePrint Archive, Report 2011/454},
    year = {2011},
    note = {\url{http://eprint.iacr.org/2011/454}},
}




@inproceedings{AppIshKus05,
  author    = {Benny Applebaum and
               Yuval Ishai and
               Eyal Kushilevitz},
  title     = {Computationally Private Randomizing Polynomials and Their Applications},
  booktitle = {20th Annual {IEEE} Conference on Computational Complexity {(CCC} 2005),
               11-15 June 2005, San Jose, CA, {USA}},
  pages     = {260--274},
  year      = {2005},
}



@inproceedings{adaptivetoken,
  author    = {Carmit Hazay and Antigoni Polychroniadou and Muthuramakrishnan Venkitasubramaniam},
  title     = {Constant-Round Adaptively Secure Protocols in the Tamper-Proof Hardware Model},
  booktitle = {{PKC}},
  year      = {2017},
}



@misc{iHop,
    author = {Chongwon Cho and Nico Dottling and Sanjam Garg and Divya Gupta and Peihan Miao and
Antigoni Polychroniadou},
    title = {Laconic Receiver Oblivious Transfer and its Applications},
    howpublished = {Manuscript},
    year = {2016},
}



@misc{CPV16,
    author = {Ran Canetti and Oxana Poburinnaya and Muthuramakrishnan Venkitasubramaniam},
    title = {Equivocating Yao: Constant-Round Adaptively Secure Multiparty Computation in the Plain Model},
    howpublished = {Cryptology ePrint Archive, Report 2016/1190},
    year = {2016},
    note = {\url{http://eprint.iacr.org/2016/1190}},
}


@article{Bracha87,
  author    = {Gabriel Bracha},
  title     = {An {O}(log n) expected rounds randomized byzantine generals protocol},
  journal   = {J. {ACM}},
  volume    = {34},
  number    = {4},
  pages     = {910--920},
  year      = {1987},
}



@article{IKHC14,
  author    = {Dai Ikarashi and
               Ryo Kikuchi and
               Koki Hamada and
               Koji Chida},
  title     = {Actively Private and Correct MPC Scheme in t$<$n/2 from
               Passively Secure Schemes with Small Overhead},
  journal   = {IACR Cryptology ePrint Archive},
  volume    = {2014},
  year      = {2014},
  pages     = {304},
  ee        = {http://eprint.iacr.org/2014/304},
  bibsource = {DBLP, http://dblp.uni-trier.de}
}



@article{GOS12,
  author    = {Jens Groth and
               Rafail Ostrovsky and
               Amit Sahai},
  title     = {New Techniques for Noninteractive Zero-Knowledge},
  journal   = {J. {ACM}},
  volume    = {59},
  number    = {3},
  pages     = {11},
  year      = {2012},
  url       = {http://doi.acm.org/10.1145/2220357.2220358},
  doi       = {10.1145/2220357.2220358},
  timestamp = {Tue, 18 Sep 2012 12:40:26 +0200},
  biburl    = {http://dblp.uni-trier.de/rec/bib/journals/jacm/GrothOS12},
  bibsource = {dblp computer science bibliography, http://dblp.org}
}

@inproceedings{BellareR93,
  author    = {Mihir Bellare and
               Phillip Rogaway},
  title     = {Random Oracles are Practical: {A} Paradigm for Designing Efficient
               Protocols},
  booktitle = {{CCS}},
  pages     = {62--73},
  year      = {1993},
}


@inproceedings{STOC:Yao79,
 
  author = {Yao, Andrew Chi-Chih},
  booktitle = {STOC},
  crossref = {conf/stoc/STOC11},
  editor = {Fischer, Michael J. and DeMillo, Richard A. and Lynch, Nancy A. and Burkhard, Walter A. and Aho, Alfred V.},
 
  pages = {209-213},
  publisher = {ACM},
 
  year = 1979
}


@article{MI13,
  author    = {Nan Ma and
               Prakash Ishwar},
  title     = {The Infinite-Message Limit of Two-Terminal Interactive Source Coding},
  journal   = {{IEEE} Transactions on Information Theory},
  volume    = {59},
  number    = {7},
  pages     = {4071--4094},
  year      = {2013},
  url       = {http://dx.doi.org/10.1109/TIT.2013.2251412},
  doi       = {10.1109/TIT.2013.2251412},
  timestamp = {Tue, 18 Jun 2013 10:37:25 +0200},
  biburl    = {http://dblp2.uni-trier.de/rec/bib/journals/tit/MaI13},
  bibsource = {dblp computer science bibliography, http://dblp.org}
}



@book{KN97,
  author    = {Eyal Kushilevitz and
               Noam Nisan},
  title     = {Communication complexity},
  publisher = {Cambridge University Press},
  year      = {1997},
 
}




@misc{DNOR15,
    author = {Ivan Damg{\aa}rd and Jesper Buus Nielsen and Rafail Ostovsky and Adi Rosen},
    title = {Unconditionally Secure Computation with Reduced Interaction},
    howpublished = {Cryptology ePrint Archive, Report 2015/630},
    year = {2015},
    note = {\url{http://eprint.iacr.org/}},
}




@article{BSPV99,
  author    = {Carlo Blundo and
               Alfredo De Santis and
               Giuseppe Persiano and
               Ugo Vaccaro},
  title     = {Randomness Complexity of Private Computation},
  journal   = {Computational Complexity},
  volume    = {8},
  number    = {2},
  pages     = {145--168},
  year      = {1999},
 }




@article{KM97,
  author    = {Eyal Kushilevitz and
               Yishay Mansour},
  title     = {Randomness in Private Computations},
  journal   = {{SIAM} J. Discrete Math.},
  volume    = {10},
  number    = {4},
  pages     = {647--661},
  year      = {1997},
 
}



@article{K92,
  author    = {Eyal Kushilevitz},
  title     = {Privacy and Communication Complexity},
  journal   = {{SIAM} J. Discrete Math.},
  volume    = {5},
  number    = {2},
  pages     = {273--284},
  year      = {1992},
}


@article{CK93,
  author    = {Benny Chor and
               Eyal Kushilevitz},
  title     = {A Communication-Privacy Tradeoff for Modular Addition},
  journal   = {Inf. Process. Lett.},
  volume    = {45},
  number    = {4},
  pages     = {205--210},
  year      = {1993},
}


@inproceedings{Ben,
 author = {Ben-Or, Michael and Goldwasser, Shafi and Wigderson, Avi},
 title = {Completeness Theorems for Non-cryptographic Fault-tolerant Distributed Computation},
 booktitle = {Proceedings of the Twentieth Annual ACM Symposium on Theory of Computing},
 series = {STOC '88},
 year = {1988},
 isbn = {0-89791-264-0},
 location = {Chicago, Illinois, USA},
 pages = {1--10},
 numpages = {10},
 url = {http://doi.acm.org/10.1145/62212.62213},
 doi = {10.1145/62212.62213},
 acmid = {62213},
 publisher = {ACM},
 address = {New York, NY, USA},
}



@inproceedings{C:GIP15,
  author    = {Daniel Genkin and
               Yuval Ishai and
               Antigoni Polychroniadou},
  title     = {Efficient Multi-party Computation: From Passive to Active Security
               via Secure {SIMD} Circuits},
  booktitle = {Advances in Cryptology - {CRYPTO} 2015 - 35th Annual Cryptology Conference,
               Santa Barbara, CA, USA, August 16-20, 2015, Proceedings, Part {II}},
  pages     = {721--741},
  year      = {2015},
}



@Article{JACM:BGIRSVY12,
  author    = {Boaz Barak and
               Oded Goldreich and
               Russell Impagliazzo and
               Steven Rudich and
               Amit Sahai and
               Salil P. Vadhan and
               Ke Yang},
  title     = {On the (im)possibility of obfuscating programs},
  journal   = {J. ACM},
  volume    = {59},
  number    = {2},
  year      = {2012},
  pages     = {6},
}
